{
  "leader": "03942cam a2200553 i 4500",
  "fields": [
    {
      "001": "ocm05239582\\"
    },
    {
      "003": "OCoLC"
    },
    {
      "005": "20220701092130.0"
    },
    {
      "008": "790713s1979\\\\\\\\dcua\\\\\\\\\\b\\\\\\f100\\0\\eng\\\\"
    },
    {
      "010": {
        "ind1": "\\",
        "ind2": "\\",
        "subfields": [
          {
            "a": "   79607059 "
          }
        ]
      }
    },
    {
      "040": {
        "ind1": "\\",
        "ind2": "\\",
        "subfields": [
          {
            "a": "DLC"
          },
          {
            "b": "eng"
          },
          {
            "c": "DLC"
          },
          {
            "d": "NLM"
          },
          {
            "d": "OCL"
          },
          {
            "d": "BUF"
          },
          {
            "d": "MUQ"
          },
          {
            "d": "NLGGC"
          },
          {
            "d": "BTCTA"
          },
          {
            "d": "YDXCP"
          },
          {
            "d": "OCLCG"
          },
          {
            "d": "ZWZ"
          },
          {
            "d": "OCLCO"
          },
          {
            "d": "OCLCF"
          },
          {
            "d": "OCLCQ"
          },
          {
            "d": "OCLCO"
          },
          {
            "d": "OCLCQ"
          },
          {
            "d": "OCL"
          },
          {
            "d": "EUW"
          },
          {
            "d": "OCLCQ"
          },
          {
            "d": "MDAVP"
          },
          {
            "d": "VPI"
          },
          {
            "d": "COF"
          },
          {
            "d": "TKN"
          },
          {
            "d": "SNN"
          },
          {
            "d": "OCLCQ"
          },
          {
            "d": "OCLCO"
          },
          {
            "d": "OCLCA"
          },
          {
            "d": "OCLCQ"
          },
          {
            "d": "IL4J6"
          },
          {
            "d": "OCLCO"
          }
        ]
      }
    },
    {
      "016": {
        "ind1": "7",
        "ind2": "\\",
        "subfields": [
          {
            "a": "8507806"
          },
          {
            "2": "DNLM"
          }
        ]
      }
    },
    {
      "019": {
        "ind1": "\\",
        "ind2": "\\",
        "subfields": [
          {
            "a": "38275249"
          },
          {
            "a": "489915600"
          },
          {
            "a": "1277093471"
          }
        ]
      }
    },
    {
      "020": {
        "ind1": "\\",
        "ind2": "\\",
        "subfields": [
          {
            "a": "0874747988"
          }
        ]
      }
    },
    {
      "020": {
        "ind1": "\\",
        "ind2": "\\",
        "subfields": [
          {
            "a": "9780874747980"
          }
        ]
      }
    },
    {
      "020": {
        "ind1": "\\",
        "ind2": "\\",
        "subfields": [
          {
            "a": "087474797X"
          },
          {
            "q": "(pbk.)"
          }
        ]
      }
    },
    {
      "020": {
        "ind1": "\\",
        "ind2": "\\",
        "subfields": [
          {
            "a": "9780874747973"
          },
          {
            "q": "(pbk.)"
          }
        ]
      }
    },
    {
      "035": {
        "ind1": "\\",
        "ind2": "\\",
        "subfields": [
          {
            "a": "(OCoLC)5239582"
          },
          {
            "z": "(OCoLC)38275249"
          },
          {
            "z": "(OCoLC)489915600"
          },
          {
            "z": "(OCoLC)1277093471"
          }
        ]
      }
    },
    {
      "043": {
        "ind1": "\\",
        "ind2": "\\",
        "subfields": [
          {
            "a": "n-us---"
          }
        ]
      }
    },
    {
      "050": {
        "ind1": "0",
        "ind2": "0",
        "subfields": [
          {
            "a": "Q127.U6"
          },
          {
            "b": "A69 1979"
          }
        ]
      }
    },
    {
      "060": {
        "ind1": "0",
        "ind2": "0",
        "subfields": [
          {
            "a": "DD2647"
          }
        ]
      }
    },
    {
      "082": {
        "ind1": "0",
        "ind2": "0",
        "subfields": [
          {
            "a": "509.73"
          },
          {
            "b": "AME"
          }
        ]
      }
    },
    {
      "110": {
        "ind1": "2",
        "ind2": "\\",
        "subfields": [
          {
            "a": "American Association for the Advancement of Science."
          }
        ]
      }
    },
    {
      "245": {
        "ind1": "1",
        "ind2": "4",
        "subfields": [
          {
            "a": "The sciences in the American context :"
          },
          {
            "b": "new perspectives /"
          },
          {
            "c": "edited by Nathan Reingold."
          }
        ]
      }
    },
    {
      "260": {
        "ind1": "\\",
        "ind2": "\\",
        "subfields": [
          {
            "a": "Washington :"
          },
          {
            "b": "Smithsonian Institution Press,"
          },
          {
            "c": "1979."
          }
        ]
      }
    },
    {
      "300": {
        "ind1": "\\",
        "ind2": "\\",
        "subfields": [
          {
            "a": "399 pages :"
          },
          {
            "b": "illustrations ;"
          },
          {
            "c": "24 cm"
          }
        ]
      }
    },
    {
      "336": {
        "ind1": "\\",
        "ind2": "\\",
        "subfields": [
          {
            "a": "text"
          },
          {
            "b": "txt"
          },
          {
            "2": "rdacontent"
          }
        ]
      }
    },
    {
      "337": {
        "ind1": "\\",
        "ind2": "\\",
        "subfields": [
          {
            "a": "unmediated"
          },
          {
            "b": "n"
          },
          {
            "2": "rdamedia"
          }
        ]
      }
    },
    {
      "338": {
        "ind1": "\\",
        "ind2": "\\",
        "subfields": [
          {
            "a": "volume"
          },
          {
            "b": "nc"
          },
          {
            "2": "rdacarrier"
          }
        ]
      }
    },
    {
      "504": {
        "ind1": "\\",
        "ind2": "\\",
        "subfields": [
          {
            "a": "Includes bibliographical references."
          }
        ]
      }
    },
    {
      "500": {
        "ind1": "\\",
        "ind2": "\\",
        "subfields": [
          {
            "a": "Papers presented at a bicentennial conference at the Feb. 1976 Boston meeting of the American Association for the Advancement of Science; cosponsored by Section L of the Association and the History of Science Society."
          }
        ]
      }
    },
    {
      "505": {
        "ind1": "0",
        "ind2": "0",
        "subfields": [
          {
            "t": "Reflections on 200 years of science in the United States /"
          },
          {
            "r": "Nathan Reingold --"
          },
          {
            "t": "Paradigm lost /"
          },
          {
            "r": "William H. Goetzmann --"
          },
          {
            "t": "Americans abroad: science and cultural nationalism in the early nineteenth century /"
          },
          {
            "r": "Bruce Sinclair --"
          },
          {
            "t": "Astronomy in antebellum America /"
          },
          {
            "r": "Deborah Jean Warner --"
          },
          {
            "t": "Science, public policy, and popular precepts: Alexander Dallas Bache and Alfred beach as symbolic adversaries /"
          },
          {
            "r": "Robert Post --"
          },
          {
            "t": "The American scientist in higher education, 1820-1910 /"
          },
          {
            "r": "Stanley M. Guralnick --"
          },
          {
            "t": "Rationalization and reality in shaping American agricultural research, 1875-1914 /"
          },
          {
            "r": "Charles E. Rosenberg --"
          },
          {
            "t": "From the Grand Canyon to the Marianas Trench: the earth sciences after Darwin /"
          },
          {
            "r": "Steve Pyne --"
          },
          {
            "t": "Industrial research laboratories /"
          },
          {
            "r": "Kendall Birr --"
          },
          {
            "t": "The rise and spread of the classical school of heredity, 1910-1930: development and influence of the Mendelian chromosome theory /"
          },
          {
            "r": "Garland E. Allen --"
          },
          {
            "t": "American foundations as patrons of science: the commitment to individual research /"
          },
          {
            "r": "Stanley Coben --"
          },
          {
            "t": "Warren Weaver and the Rockefeller Foundation program in molecular biology: a case study in the management of science /"
          },
          {
            "r": "Robert E. Kohler, Jr. --"
          },
          {
            "t": "The physics business in America, 1919-1940: a statistical reconnaissance /"
          },
          {
            "r": "Spencer R. Weart --"
          },
          {
            "t": "Science agencies in World War II: the OSRD and its challengers /"
          },
          {
            "r": "Carroll Pursell --"
          },
          {
            "t": "Academic science and the military: the years since the Second World War /"
          },
          {
            "r": "Harvey M. Sapolsky."
          }
        ]
      }
    },
    {
      "650": {
        "ind1": "\\",
        "ind2": "0",
        "subfields": [
          {
            "a": "Science"
          },
          {
            "z": "United States"
          },
          {
            "x": "History"
          },
          {
            "v": "Congresses."
          }
        ]
      }
    },
    {
      "650": {
        "ind1": "\\",
        "ind2": "0",
        "subfields": [
          {
            "a": "Science"
          },
          {
            "z": "United States"
          },
          {
            "x": "History"
          },
          {
            "x": "Congresses."
          }
        ]
      }
    },
    {
      "650": {
        "ind1": "\\",
        "ind2": "2",
        "subfields": [
          {
            "a": "Science"
          },
          {
            "x": "history"
          }
        ]
      }
    },
    {
      "651": {
        "ind1": "\\",
        "ind2": "2",
        "subfields": [
          {
            "a": "United States"
          }
        ]
      }
    },
    {
      "650": {
        "ind1": "\\",
        "ind2": "7",
        "subfields": [
          {
            "a": "Science."
          },
          {
            "2": "fast"
          },
          {
            "0": "(OCoLC)fst01108176"
          }
        ]
      }
    },
    {
      "651": {
        "ind1": "\\",
        "ind2": "7",
        "subfields": [
          {
            "a": "United States."
          },
          {
            "2": "fast"
          },
          {
            "0": "(OCoLC)fst01204155"
          }
        ]
      }
    },
    {
      "655": {
        "ind1": "\\",
        "ind2": "2",
        "subfields": [
          {
            "a": "Congress"
          }
        ]
      }
    },
    {
      "655": {
        "ind1": "\\",
        "ind2": "7",
        "subfields": [
          {
            "a": "Conference papers and proceedings."
          },
          {
            "2": "fast"
          },
          {
            "0": "(OCoLC)fst01423772"
          }
        ]
      }
    },
    {
      "655": {
        "ind1": "\\",
        "ind2": "7",
        "subfields": [
          {
            "a": "History."
          },
          {
            "2": "fast"
          },
          {
            "0": "(OCoLC)fst01411628"
          }
        ]
      }
    },
    {
      "655": {
        "ind1": "\\",
        "ind2": "7",
        "subfields": [
          {
            "a": "Conference papers and proceedings."
          },
          {
            "2": "lcgft"
          }
        ]
      }
    },
    {
      "700": {
        "ind1": "1",
        "ind2": "\\",
        "subfields": [
          {
            "a": "Reingold, Nathan,"
          },
          {
            "d": "1927-"
          }
        ]
      }
    },
    {
      "710": {
        "ind1": "2",
        "ind2": "\\",
        "subfields": [
          {
            "a": "American Association for the Advancement of Science."
          },
          {
            "b": "Section on History and Philosophy of Science."
          }
        ]
      }
    },
    {
      "710": {
        "ind1": "2",
        "ind2": "\\",
        "subfields": [
          {
            "a": "History of Science Society."
          }
        ]
      }
    },
    {
      "776": {
        "ind1": "0",
        "ind2": "8",
        "subfields": [
          {
            "i": "Online version:"
          },
          {
            "a": "American Association for the Advancement of Science."
          },
          {
            "t": "Sciences in the American context."
          },
          {
            "d": "Washington : Smithsonian Institution Press, 1979"
          },
          {
            "w": "(OCoLC)608871827"
          }
        ]
      }
    },
    {
      "994": {
        "ind1": "\\",
        "ind2": "\\",
        "subfields": [
          {
            "a": "Z0"
          },
          {
            "b": "NYRVC"
          }
        ]
      }
    },
    {
      "948": {
        "ind1": "\\",
        "ind2": "\\",
        "subfields": [
          {
            "h": "NO HOLDINGS IN NYRVC - 393 OTHER HOLDINGS"
          }
        ]
      }
    },
    {
      "999": {
        "ind1": "\\",
        "ind2": "\\",
        "subfields": [
          {
            "a": "00000000019570"
          }
        ]
      }
    }
  ]
}